<record><leader>00000cas a22000007a 4500</leader><controlfield tag="001">10212638</controlfield><controlfield tag="008">831212d18831893ksuwr ne      0   a0eng d</controlfield><datafield ind1=" " ind2=" " tag="010"><subfield code="a">sn 83040991 </subfield></datafield><datafield ind1=" " ind2=" " tag="040"><subfield code="a">KSH</subfield><subfield code="b">eng</subfield><subfield code="c">KSH</subfield><subfield code="d">NPT</subfield><subfield code="d">OCLCQ</subfield></datafield><datafield ind1=" " ind2=" " tag="042"><subfield code="a">msc</subfield></datafield><datafield ind1=" " ind2=" " tag="043"><subfield code="a">n-us-ks</subfield></datafield><datafield ind1="0" ind2="4" tag="245"><subfield code="a">The Glasco sun.</subfield></datafield><datafield ind1=" " ind2=" " tag="260"><subfield code="a">Glasco, Kan. :</subfield><subfield code="b">Bond &amp; Fisher,</subfield><subfield code="c">1883-1893.</subfield></datafield><datafield ind1=" " ind2=" " tag="300"><subfield code="a">11 v. :</subfield><subfield code="b">ill. ;</subfield><subfield code="c">60 cm.</subfield></datafield><datafield ind1=" " ind2=" " tag="310"><subfield code="a">Weekly</subfield></datafield><datafield ind1="0" ind2=" " tag="362"><subfield code="a">Vol. 1, no. 1 (Jan. 20, 1883)-v. 11, no. 39 (Sept. 29, 1893).</subfield></datafield><datafield ind1=" " ind2=" " tag="500"><subfield code="a">"Republican."</subfield></datafield><datafield ind1=" " ind2=" " tag="752"><subfield code="a">United States</subfield><subfield code="b">Kansas</subfield><subfield code="c">Cloud</subfield><subfield code="d">Glasco.</subfield></datafield><datafield ind1="0" ind2="0" tag="785"><subfield code="t">Sun</subfield><subfield code="w">(DLC)sn 86064042</subfield></datafield></record>